<mjloggm ver="2.3"><GO type="169" lobby="0"/><UN n0="%6D%65%74%61%6C%6B%65%6E" n1="%39%32%39%32" n2="%E7%81%AB%E6%99%82%E8%A8%88%E3%82%92%E6%8A%BC%E3%81%9B%EF%BC%81" n3="%EF%BC%A0%E3%81%8B%E3%81%8E%E7%8D%85%E3%82%B2%E3%83%AB" dan="16,16,19,16" rate="2076.61,2035.83,2231.06,2130.02" sx="M,M,M,M"/><TAIKYOKU oya="0"/><INIT seed="0,0,0,1,1,129" ten="250,250,250,250" oya="0" hai0="73,77,109,50,43,126,100,128,112,8,103,101,48" hai1="118,53,111,94,36,26,63,60,76,33,67,25,80" hai2="125,20,65,133,124,47,114,85,110,44,70,11,66" hai3="98,84,39,120,122,23,97,117,131,40,38,91,32"/><T127/><D43/><U19/><E118/><V92/><F114/><W130/><G117/><T58/><D128/><N who="3" m="49193" /><G23/><T37/><D112/><U2/><E2/><V75/><F75/><W115/><G115/><T42/><D109/><U55/><E36/><N who="3" m="13866" /><G40/><T123/><D123/><N who="3" m="47145" /><G32/><T52/><D8/><U35/><E111/><V45/><F11/><W64/><G64/><T17/><D17/><U15/><E67/><V54/><F20/><W62/><G62/><T71/><D71/><U56/><E19/><V27/><F65/><W14/><G14/><T1/><D1/><U89/><E15/><V29/><F66/><W18/><G18/><T90/><D90/><U99/><E33/><V30/><F70/><W7/><G7/><T79/><D37/><U132/><E35/><V135/><F110/><W95/><AGARI ba="0,0" hai="84,91,95,97,98" m="47145,13866,49193" machi="95" ten="40,2700,0" yaku="19,1,13,1" doraHai="129" who="3" fromWho="3" sc="250,-13,250,-7,250,-7,250,27" /><INIT seed="1,0,0,1,2,41" ten="237,243,243,277" oya="1" hai0="27,123,65,0,32,70,97,10,34,53,21,7,108" hai1="67,73,135,36,77,49,92,64,19,122,2,24,76" hai2="29,37,105,114,107,94,4,91,120,31,111,130,69" hai3="44,54,16,115,106,45,103,109,79,13,56,72,63"/><U6/><E122/><V66/><F120/><W15/><G115/><T124/><D70/><U62/><E36/><V71/><F114/><W59/><G72/><T57/><D108/><U85/><E73/><V87/><F130/><W22/><G106/><T95/><D65/><U90/><E135/><V113/><F111/><W119/><G109/><T60/><D124/><U129/><E129/><V52/><F37/><W133/><G133/><T78/><D78/><U100/><E2/><V50/><F4/><W9/><G79/><T101/><D123/><U11/><E100/><V58/><F113/><W125/><G103/><T18/><AGARI ba="0,0" hai="0,7,10,18,21,27,32,34,53,57,60,95,97,101" machi="18" ten="20,1500,0" yaku="0,1,7,1" doraHai="41" who="0" fromWho="0" sc="237,15,243,-7,243,-4,277,-4" /><INIT seed="2,0,0,4,1,82" ten="252,236,239,273" oya="2" hai0="111,115,6,126,74,10,96,102,83,1,75,71,119" hai1="118,23,62,37,11,106,73,72,43,50,2,4,9" hai2="99,129,25,14,26,90,7,63,70,108,79,41,66" hai3="117,78,91,124,57,64,121,17,59,51,112,122,94"/><V47/><F129/><W95/><G117/><T125/><D115/><U32/><E118/><V128/><F128/><W88/><G112/><T103/><D103/><U29/><E106/><V110/><F79/><W53/><G78/><T93/><D83/><U58/><E37/><V54/><F54/><W52/><G64/><T60/><D111/><N who="2" m="42538" /><F7/><W92/><G17/><T3/><D3/><U65/><E32/><V107/><F14/><W55/><G124/><T44/><D44/><U132/><E132/><V101/><F90/><N who="3" m="34347" /><G51/><AGARI ba="0,0" hai="25,26,41,47,51,63,66,70,99,101,107" m="42538" machi="51" ten="30,2900,0" yaku="14,1,10,1" doraHai="82" who="2" fromWho="3" sc="252,0,236,0,239,29,273,-29" /><INIT seed="2,1,0,2,5,74" ten="252,236,268,244" oya="2" hai0="37,68,120,71,31,14,34,96,76,91,65,94,30" hai1="67,125,64,113,21,13,33,114,28,5,92,32,58" hai2="81,66,119,83,135,26,105,18,0,8,107,42,73" hai3="110,100,112,77,98,19,43,78,106,108,70,41,99"/><V103/><F119/><W2/><G2/><T46/><D120/><U90/><E125/><V122/><F122/><W57/><G70/><T52/><D65/><U127/><E127/><V50/><F135/><W89/><G57/><T109/><D109/><N who="3" m="42089" /><G19/><T102/><D37/><U95/><E5/><V27/><F66/><W39/><G112/><T115/><D115/><U101/><E101/><V63/><F63/><W36/><G89/><T12/><D71/><U15/><E58/><V3/><F18/><W86/><G98/><T10/><D14/><U85/><E85/><V93/><F8/><W80/><G39/><T22/><D34/><U16/><E28/><V53/><F50/><W23/><G23/><T118/><D68/><U121/><E121/><V40/><F103/><W49/><G49/><T79/><D118/><U17/><E21/><V88/><F88/><AGARI ba="1,0" hai="13,15,16,17,32,33,64,67,88,90,92,95,113,114" machi="88" ten="25,6400,0" yaku="22,2,54,2" doraHai="74" who="1" fromWho="2" sc="252,0,236,67,268,-67,244,0" /><INIT seed="3,0,0,4,1,84" ten="252,303,201,244" oya="3" hai0="124,60,129,92,95,54,56,20,112,23,131,34,19" hai1="32,127,37,93,105,135,28,42,134,91,117,24,83" hai2="63,29,22,13,67,27,107,76,49,123,121,80,33" hai3="119,79,40,59,113,3,46,109,102,47,8,31,116"/><W86/><G113/><T104/><D104/><U69/><E69/><V128/><F107/><W108/><G102/><T52/><D34/><U43/><E105/><V65/><F128/><W44/><G40/><T88/><D124/><U132/><E127/><V48/><F13/><W53/><G31/><T99/><D112/><U62/><E62/><V50/><F33/><W17/><G79/><T61/><D131/><U114/><E114/><V12/><F12/><N who="3" m="7303" /><G86/><N who="0" m="52247" /><D129/><U64/><E64/><V101/><F101/><W77/><G77/><T58/><D19/><U87/><E37/><V89/><F89/><AGARI ba="0,0" hai="20,23,52,54,56,58,60,61,89,95,99" m="52247" machi="89" ten="30,8000,1" yaku="8,1,52,2,54,2" doraHai="84" who="0" fromWho="2" sc="252,80,303,0,201,-80,244,0" /><INIT seed="4,0,0,2,2,76" ten="332,303,121,244" oya="0" hai0="126,61,33,10,67,3,50,75,60,69,107,86,115" hai1="32,16,15,109,51,34,88,73,13,5,132,20,49" hai2="64,79,71,108,56,102,39,92,12,44,82,89,81" hai3="55,30,36,105,52,83,85,0,113,72,42,21,124"/><T4/><D107/><U46/><E73/><V27/><F71/><W24/><G105/><T91/><D126/><U29/><E109/><V103/><F108/><W100/><G72/><T26/><D115/><U17/><E132/><V68/><F68/><W117/><G117/><T90/><D61/><U114/><E5/><V118/><F118/><W87/><G0/><T123/><D75/><U35/><E114/><V45/><F79/><W23/><G100/><N who="2" m="38441" /><F39/><W121/><G113/><T77/><D50/><U58/><E29/><V6/><F27/><W57/><G55/><T43/><D43/><U129/><E129/><V22/><F56/><W37/><G42/><T54/><D54/><U119/><E119/><V25/><F64/><W47/><G47/><N who="2" m="17993" /><F12/><W41/><G41/><T116/><D123/><U74/><E74/><V120/><F6/><W80/><G121/><T28/><REACH who="0" step="1"/><D116/><REACH who="0" ten="322,303,121,244" step="2"/><U125/><E51/><V134/><F120/><W97/><G37/><T101/><D101/><U11/><E58/><V40/><F40/><W7/><G36/><T78/><D78/><U93/><E125/><V99/><F134/><W19/><G124/><T1/><D1/><U135/><E135/><V94/><F94/><W84/><G57/><T53/><D53/><U48/><REACH who="1" step="1"/><E46/><REACH who="1" ten="322,293,121,244" step="2"/><V98/><F98/><AGARI ba="0,2" hai="11,13,15,16,17,20,32,34,35,48,49,88,93,98" machi="98" ten="40,8000,1" yaku="1,1,2,1,54,2,53,0" doraHai="76" doraHaiUra="66" who="1" fromWho="2" sc="322,0,293,100,121,-80,244,0" /><INIT seed="5,0,0,0,3,39" ten="322,393,41,244" oya="1" hai0="48,26,44,133,23,95,41,116,117,62,130,37,22" hai1="45,21,132,31,46,78,105,114,121,72,79,43,67" hai2="33,102,118,10,61,124,25,129,49,27,55,135,96" hai3="94,86,5,68,127,8,30,90,7,104,75,84,51"/><U91/><E121/><V2/><F118/><W93/><G75/><T19/><D133/><U82/><E105/><V38/><F38/><W56/><G68/><T115/><D115/><U70/><E132/><V58/><F124/><W128/><G104/><T111/><D130/><U65/><E114/><V80/><F129/><W47/><G128/><T16/><D111/><U35/><E35/><V110/><F110/><W42/><G127/><T52/><D62/><U89/><E70/><V100/><F135/><W17/><G30/><T28/><D95/><U106/><E106/><V108/><F108/><W36/><G36/><T64/><D64/><U9/><E9/><V113/><F113/><W119/><G119/><T14/><D28/><U101/><E101/><V123/><F33/><W4/><G56/><AGARI ba="0,0" hai="14,16,19,22,23,26,37,41,44,48,52,56,116,117" machi="56" ten="30,7700,0" yaku="7,1,52,1,54,2" doraHai="39" who="0" fromWho="3" sc="322,77,393,0,41,0,244,-77" /><INIT seed="6,0,0,2,4,41" ten="399,393,41,167" oya="2" hai0="46,49,100,113,16,28,20,47,38,135,64,132,25" hai1="71,7,124,134,93,112,106,73,119,101,105,44,86" hai2="116,131,67,90,114,51,98,122,76,31,39,123,22" hai3="130,115,85,104,40,10,92,21,36,15,23,6,30"/><V55/><F116/><W103/><G104/><T68/><D100/><U14/><E112/><V78/><F114/><W50/><G36/><T59/><D113/><U118/><E71/><V75/><F39/><W52/><G40/><N who="0" m="22807" /><D68/><U110/><E110/><V63/><F131/><W19/><G130/><T109/><D109/><U61/><E73/><V3/><F3/><W17/><G115/><T9/><D59/><U53/><E134/><N who="0" m="51241" /><D9/><U107/><E124/><V26/><F75/><W5/><G103/><T127/><D64/><U111/><E111/><V0/><F0/><W117/><G117/><T32/><D127/><U62/><E101/><V54/><F123/><W8/><G92/><T97/><D97/><U91/><E119/><V1/><F1/><W33/><G85/><T121/><D121/><U58/><E118/><V125/><F122/><W77/><G77/><N who="2" m="29801" /><F125/><W27/><G33/><T18/><D32/><U48/><E58/><N who="2" m="37367" /><F51/><W4/><G30/><T70/><D70/><U108/><E108/><V29/><F29/><W72/><G72/><T13/><D13/><U99/><E99/><V81/><F98/><W96/><G96/><T133/><D133/><U82/><E82/><V34/><F34/><W89/><G89/><T35/><D35/><U24/><E24/><V69/><F69/><W120/><G120/><T45/><D49/><U129/><E129/><V80/><F80/><W12/><G27/><T2/><D2/><U94/><E94/><V65/><F65/><W60/><G50/><T87/><D87/><AGARI ba="0,0" hai="22,26,31,54,55,81,87,90" m="37367,29801" machi="87" ten="30,1500,0" yaku="8,1" doraHai="41" who="2" fromWho="0" sc="399,-15,393,0,41,15,167,0" /><INIT seed="6,1,0,1,1,122" ten="384,393,56,167" oya="2" hai0="111,20,1,35,99,76,68,114,27,23,58,96,39" hai1="124,134,107,31,36,95,48,46,127,40,102,53,21" hai2="115,69,4,34,60,73,79,105,101,61,30,44,8" hai3="125,133,18,37,130,56,13,85,80,9,70,103,19"/><V78/><F115/><W106/><G70/><T135/><D1/><U50/><E107/><V119/><F119/><W32/><G37/><T89/><D39/><U120/><E120/><V110/><F44/><W45/><G32/><T91/><D35/><U94/><E134/><V71/><F60/><W90/><G133/><T75/><D68/><U83/><E83/><N who="2" m="45519" /><F79/><W55/><G45/><T62/><D114/><U129/><E129/><V113/><F61/><W16/><G130/><T88/><D76/><U42/><E42/><V28/><F28/><W108/><G108/><T67/><D111/><U123/><E123/><V117/><F117/><W81/><G125/><N who="1" m="48202" /><E102/><V72/><F72/><W74/><G106/><T104/><D104/><U128/><E128/><V59/><F59/><W25/><G103/><T84/><D75/><U12/><E36/><V0/><F113/><W109/><G74/><T98/><D23/><U100/><E100/><V43/><F43/><W33/><G109/><T22/><D22/><U11/><E21/><V64/><F64/><W15/><G81/><N who="0" m="49295" /><D135/><U47/><E31/><AGARI ba="1,0" hai="20,27,31,58,62,67,88,91,96,98,99" m="49295" machi="31" ten="30,2000,0" yaku="8,1,54,1" doraHai="122" who="0" fromWho="1" sc="384,23,393,-23,56,0,167,0" /><INIT seed="7,0,0,2,2,115" ten="407,370,56,167" oya="3" hai0="128,23,67,75,59,66,3,6,39,52,4,85,34" hai1="18,121,130,106,11,77,96,100,124,132,83,102,15" hai2="9,81,129,126,92,79,5,101,69,26,13,120,12" hai3="46,70,41,2,48,127,43,20,122,33,63,131,22"/><W80/><G33/><T86/><D3/><U73/><E121/><V94/><F126/><W14/><G2/><T68/><D34/><U53/><E124/><V82/><F129/><W95/><G122/><T108/><D108/><U111/><E111/><V97/><F69/><W38/><G127/><T72/><D39/><U116/><E132/><V87/><F120/><W74/><G131/><T78/><D68/><U113/><E130/><V98/><F26/><W29/><G43/><T103/><D103/><U84/><E102/><V57/><F57/><W133/><G95/><T112/><D112/><U93/><E116/><V28/><F28/><W51/><G22/><T61/><D75/><U8/><E113/><V45/><F45/><W36/><G51/><T35/><D35/><U89/><E53/><V1/><REACH who="2" step="1"/><F81/><REACH who="2" ten="407,370,46,167" step="2"/><W44/><G44/><T123/><D123/><U47/><E47/><V42/><F42/><W50/><G46/><T16/><D59/><U64/><E64/><V10/><F10/><AGARI ba="0,1" hai="8,10,11,15,18,73,77,83,84,89,93,96,100,106" machi="10" ten="30,3900,0" yaku="7,1,24,2" doraHai="115" who="1" fromWho="2" sc="407,0,370,49,46,-39,167,0" owari="407,21.0,419,51.0,7,-49.0,167,-23.0" /></mjloggm>